<record><leader>00000cas a22000007a 4500</leader><controlfield tag="001">18579958</controlfield><controlfield tag="008">881007d19441945mduwr ne      0    0eng d</controlfield><datafield ind1=" " ind2=" " tag="010"><subfield code="a">sn 88065114 </subfield></datafield><datafield ind1=" " ind2=" " tag="040"><subfield code="a">MFN</subfield><subfield code="b">eng</subfield><subfield code="c">MFN</subfield><subfield code="d">OCLCQ</subfield></datafield><datafield ind1=" " ind2=" " tag="042"><subfield code="a">msc</subfield></datafield><datafield ind1="0" ind2="0" tag="245"><subfield code="a">Middle River observer.</subfield></datafield><datafield ind1=" " ind2=" " tag="260"><subfield code="a">Middle River, Md. :</subfield><subfield code="b">Observer Pub. Co.,</subfield><subfield code="c">1944-1945.</subfield></datafield><datafield ind1=" " ind2=" " tag="300"><subfield code="a">v.</subfield></datafield><datafield ind1=" " ind2=" " tag="310"><subfield code="a">Weekly</subfield></datafield><datafield ind1="0" ind2=" " tag="362"><subfield code="a">Vol. 1, no. 1 (Jan. 5, 1944)-v. 2, no. 20 (July 19, 1945).</subfield></datafield><datafield ind1=" " ind2=" " tag="752"><subfield code="a">United States</subfield><subfield code="b">Maryland</subfield><subfield code="c">Baltimore</subfield><subfield code="d">Middle River.</subfield></datafield><datafield ind1="0" ind2="0" tag="785"><subfield code="t">Baltimore County observer</subfield><subfield code="w">(DLC)sn 88065115</subfield></datafield></record>